<?xml version="1.0" encoding="UTF-8"?><collection xmlns="http://www.loc.gov/MARC21/slim"><record><leader>00366nam--2200133-i-4500</leader><controlfield tag="001">000046168</controlfield><controlfield tag="002">20161230</controlfield><controlfield tag="005">20161230201045</controlfield><controlfield tag="008">060222s1000------------r-----000-0-eng-d</controlfield><datafield ind1=" " ind2=" " tag="080"><subfield code="a">551.5</subfield></datafield><datafield ind1=" " ind2=" " tag="100"><subfield code="a">Vassy,Etienne</subfield></datafield><datafield ind1=" " ind2=" " tag="245"><subfield code="a">Physique de l`atmosphere. tom 1: phenomines d`emissiion dans l`atmosphere</subfield></datafield><datafield ind1=" " ind2=" " tag="260"><subfield code="a">Paris, Gaurhier-villars, 1956. 338 P</subfield></datafield><datafield ind1=" " ind2=" " tag="852"><subfield code="a">47661</subfield></datafield></record></collection>